@book{shaw2005metal,
  title="Metal cutting principles",
  author="Shaw, Milton Clayton and Cookson, JO",
  volume="2",
  year="2005",
  publisher="Oxford university press New York"
}

@article{abukhshim2006heat,
  title="Heat generation and temperature prediction in metal cutting: A review and implications for high speed machining",
  author="Abukhshim, NA and Mativenga, PT and Sheikh, MA",
  journal="International Journal of Machine Tools and Manufacture",
  volume="46",
  number="7",
  pages="782--800",
  year="2006",
  publisher="Elsevier"
}

@unknown{augspurger2016experimental,
author = "Augspurger, Thorsten and Klocke, Fritz and D{\"o}bbeler, Benjamin and Brockmann, Matthias and Lima, Adriana",
year = "2016",
month = "08",
pages = "6",
title = "Experimental investigation of temperatures and heat flows for orthogonal
cutting 1045 steel by thermal imaging"
}

@unknown{augspurger2016modelling,
author = "Augspurger, Thorsten and Klocke, Fritz and D{\"o}bbeler, Benjamin and Brockmann, Matthias and Gierlings, Sascha and Lima, Adriana",
year = "2016",
month = "08",
pages = "8",
title = "Modelling of Transient Thermal Conditions in Cutting"
}


@article{komanduri2000thermal,
  title="Thermal modeling of the metal cutting process: part I temperature rise distribution due to shear plane heat source",
  author="Komanduri, Ranga and Hou, Zhen Bing",
  journal="International Journal of Mechanical Sciences",
  volume="42",
  number="9",
  pages="1715--1752",
  year="2000",
  publisher="Elsevier"
}

@article{komanduri2001thermal,
  title="Thermal modeling of the metal cutting process Part II: temperature rise distribution due to frictional heat source at the tool chip interface",
  author="Komanduri, Ranga and Hou, Zhen Bing",
  journal="International Journal of Mechanical Sciences",
  volume="43",
  number="1",
  pages="57--88",
  year="2001",
  publisher="Elsevier"
}

@article{jager1942moving,
  title="Moving Sources of Heat and the Temperatures of Sliding Contact",
  author={Jager, JC},
  journal={Proceeding of the Royal Society of New South Wales},
  volume={76},
  year={1942}
}

@article{norouzifard2014,
  title={Experimental determination of the tool chip thermal contact conductance in machining process},
  author={Norouzifard, Vahid and Hamedi, Mohsen},
  journal={International Journal of Machine Tools and Manufacture},
  volume={84},
  pages={45--57},
  year={2014},
  publisher={Elsevier}
}

@article{maldague2000,
  title={Applications of infrared thermography in nondestructive evaluation},
  author={Maldague, Xavier},
  journal={Trends in optical nondestructive testing},
  pages={591--609},
  year={2000},
  publisher={Elsevier Science}
}

@article{duda1972use,
  title="Use of the Hough transformation to detect lines and curves in pictures",
  author={Duda, Richard O and Hart, Peter E},
  journal={Communications of the ACM},
  volume={15},
  number={1},
  pages={11--15},
  year={1972},
  publisher={ACM}
}

@article{boothroyd1963temperatures,
  title="Temperatures in orthogonal metal cutting",
  author={Boothroyd, Geo{\'\i}\&ey},
  journal={Proceedings of the Institution of Mechanical Engineers},
  volume={177},
  number={1},
  pages={789--810},
  year={1963},
  publisher={SAGE Publications Sage UK: London, England}
}

@article{trigger1942,
  title="An analytical evaluation of metal cutting temperature",
  author={Trigger, K.J.},
  journal={Transactions of ASME},
  volume={73},
  pages={57--68},
  year={1942}
}

@article{jeon1988optical,
  title="Optical flank wear monitoring of cutting tools by image processing",
  author={Jeon, JU and Kim, SW},
  journal={Wear},
  volume={127},
  number={2},
  pages={207--217},
  year={1988},
  publisher={Elsevier}
}

@article{kurada1997machine,
  title="A machine vision system for tool wear assessment",
  author={Kurada, S and Bradley, C},
  journal={Tribology International},
  volume={30},
  number={4},
  pages={295--304},
  year={1997},
  publisher={Elsevier}
}